<record><leader>00000cas a22000007a 4500</leader><controlfield tag="001">12130485</controlfield><controlfield tag="008">850607d19211937njuwr ne      0    0eng d</controlfield><datafield ind1=" " ind2=" " tag="010"><subfield code="a">sn 85035782 </subfield></datafield><datafield ind1=" " ind2=" " tag="040"><subfield code="a">NPA</subfield><subfield code="b">eng</subfield><subfield code="c">NPA</subfield><subfield code="d">NJW</subfield><subfield code="d">OCLCQ</subfield></datafield><datafield ind1=" " ind2=" " tag="042"><subfield code="a">msc</subfield></datafield><datafield ind1="0" ind2=" " tag="130"><subfield code="a">Cranford citizen and chronicle (1921)</subfield></datafield><datafield ind1="1" ind2="4" tag="245"><subfield code="a">The Cranford citizen and chronicle.</subfield></datafield><datafield ind1=" " ind2=" " tag="260"><subfield code="a">Cranford, N.J. :</subfield><subfield code="b">James E. Warner,</subfield><subfield code="c">1921-1937.</subfield></datafield><datafield ind1=" " ind2=" " tag="300"><subfield code="a">v. :</subfield><subfield code="b">ill.</subfield></datafield><datafield ind1=" " ind2=" " tag="310"><subfield code="a">Weekly</subfield></datafield><datafield ind1="0" ind2=" " tag="362"><subfield code="a">Vol. 24, no. 1 (Feb. 17, 1921)-v. 40, no. 12 (May 13, 1937).</subfield></datafield><datafield ind1=" " ind2=" " tag="500"><subfield code="a">Publishers: Cranford Print. and Pub. Co., Oct. 5, 1933-Mar. 1, 1934; Cranford Citizen and Chronicle [Inc.], Mar. 8, 1934-May 13, 1937.</subfield></datafield><datafield ind1=" " ind2=" " tag="515"><subfield code="a">Continues the numbering of: Cranford citizen.</subfield></datafield><datafield ind1=" " ind2=" " tag="530"><subfield code="a">Also issued on microfilm by the Microfilming Corp. of America.</subfield></datafield><datafield ind1=" " ind2=" " tag="752"><subfield code="a">United States</subfield><subfield code="b">New Jersey</subfield><subfield code="c">Union</subfield><subfield code="d">Cranford.</subfield></datafield><datafield ind1=" " ind2=" " tag="752"><subfield code="a">United States</subfield><subfield code="b">New Jersey</subfield><subfield code="c">Union</subfield><subfield code="d">Garwood.</subfield></datafield><datafield ind1=" " ind2=" " tag="752"><subfield code="a">United States</subfield><subfield code="b">New Jersey</subfield><subfield code="c">Union</subfield><subfield code="d">Kenilworth.</subfield></datafield><datafield ind1="0" ind2="4" tag="780"><subfield code="t">Cranford chronicle (1893)</subfield><subfield code="w">(DLC)sn 85035603</subfield><subfield code="w">(OCoLC)12130389</subfield></datafield><datafield ind1="0" ind2="4" tag="780"><subfield code="t">Cranford citizen</subfield><subfield code="w">(DLC)sn 85035604</subfield><subfield code="w">(OCoLC)12130432</subfield></datafield><datafield ind1="0" ind2="0" tag="785"><subfield code="t">Citizen and chronicle</subfield><subfield code="w">(DLC)sn 85035783</subfield><subfield code="w">(OCoLC)12130573</subfield></datafield></record>